@misc{WhatisFl74:online,
author = {},
title = {What is Flutter? Benefits and limitations | Codemagic Blog},
howpublished = {\url{https://blog.codemagic.io/what-is-flutter-benefits-and-limitations/}},
month = {},
year = {},
note = {(Accessed on 04/07/2021)}
}

@misc{WhatisAg86:online,
author = {},
title = {What is Agile Software Development? | Agile Alliance},
howpublished = {\url{https://www.agilealliance.org/agile101/}},
month = {},
year = {},
note = {(Accessed on 04/15/2021)}
}
@misc{AgileSof90:online,
author = {},
title = {Agile Software Development Lifecycle Phases Explained},
howpublished = {\url{https://relevant.software/blog/agile-software-development-lifecycle-phases-explained/}},
month = {},
year = {},
note = {(Accessed on 04/15/2021)}
}

@misc{WhatisTe43:online,
author = {},
title = {What is Test Driven Development (TDD)? Tutorial with Example},
howpublished = {\url{https://www.guru99.com/test-driven-development.html}},
month = {},
year = {},
note = {(Accessed on 04/15/2021)}
}

@misc{WhatisFe19:online,
author = {},
title = {What is Feature Driven Development (FDD)? | Definition},
howpublished = {\url{https://www.productplan.com/glossary/feature-driven-development/}},
month = {},
year = {},
note = {(Accessed on 04/15/2021)}
}

@article{khramtchenko2004comparing,
  title={Comparing eXtreme Programming and Feature Driven Development in academic and regulated environments},
  author={Khramtchenko, Serguei},
  journal={Feature Driven Development},
  year={2004}
}

@misc{Continuo90:online,
author = {},
title = {Continuous integration vs. continuous delivery vs. continuous deployment},
howpublished = {\url{https://www.atlassian.com/continuous-delivery/principles/continuous-integration-vs-delivery-vs-deployment}},
month = {},
year = {},
note = {(Accessed on 04/15/2021)}
}

@misc{TheAnato54:online,
author = {},
title = {The Anatomy of Android Continuous Delivery | by Ciro Rizzo | The Telegraph Engineering | Medium},
howpublished = {\url{https://medium.com/the-telegraph-engineering/android-continuous-delivery-fb41da63176}},
month = {},
year = {},
note = {(Accessed on 04/15/2021)}
}

@misc{GitHub:online,
author = {},
title = {GitHub},
howpublished = {\url{https://github.com/}},
month = {},
year = {},
note = {(Accessed on 04/17/2021)}
}

@misc{FlutterGoogle:online,
author = {},
title = {Flutter - Beautiful native apps in record time},
howpublished = {\url{https://flutter.dev/}},
month = {},
year = {},
note = {(Accessed on 04/20/2021)}
}

@misc{WhatisFlutter-Benefits:online,
author = {},
title = {What is Flutter? Here is everything you should know | by Concise Software | Medium},
howpublished = {\url{https://medium.com/@concisesoftware/what-is-flutter-here-is-everything-you-should-know-faed3836253f}},
month = {},
year = {},
note = {(Accessed on 04/20/2021)}
}

@misc{widgetsFlutterDev:online,
author = {},
title = {Introduction to widgets - Flutter},
howpublished = {\url{https://flutter.dev/docs/development/ui/widgets-intro}},
month = {},
year = {},
note = {(Accessed on 04/20/2021)}
}

@misc{FDevLayouts:online,
author = {},
title = {Layouts in Flutter - Flutter},
howpublished = {\url{https://flutter.dev/docs/development/ui/layout}},
month = {},
year = {},
note = {(Accessed on 04/20/2021)}
}

@misc{DartDev5:online,
author = {},
title = {Dart overview | Dart},
howpublished = {\url{https://dart.dev/overview}},
month = {},
year = {},
note = {(Accessed on 04/24/2021)}
}

@misc{LanguageSampleDart:online,
author = {},
title = {Language samples | Dart},
howpublished = {\url{https://dart.dev/samples}},
month = {},
year = {},
note = {(Accessed on 04/24/2021)}
}

@misc{DartSpeciality:online,
author = {},
title = {What is the Dart programming language? | inLab FIB},
howpublished = {\url{https://inlab.fib.upc.edu/en/blog/what-dart-programming-language}},
month = {},
year = {},
note = {(Accessed on 04/24/2021)}
}

@misc{WhyGoogleUseDart:online,
author = {},
title = {Why Google Choose Dart \& Not Any Other Language?},
howpublished = {\url{https://datafloq.com/read/why-google-choose-dart-not-any-other-language/6931}},
month = {},
year = {},
note = {(Accessed on 04/24/2021)}
}

@misc{Downsidefirebase:online,
author = {},
title = {Firebase Demerits},
howpublished = {\url{https://moqod.com/downsides-of-firebase-limitations-to-be-aware-of/}},
month = {},
year = {},
note = {(Accessed on 04/25/2021)}
}

@misc{firebaseprosandcons:online,
author = {},
title = {What is Firebase: Review, Pros and Cons, Alternatives | AltexSoft},
howpublished = {\url{https://www.altexsoft.com/blog/firebase-review-pros-cons-alternatives/}},
month = {},
year = {},
note = {(Accessed on 04/25/2021)}
}

@misc{hybridvsnative:online,
author = {},
title = {What is the Difference between Native App and Hybrid App? | Existek Blog},
howpublished = {\url{https://existek.com/blog/difference-between-native-app-and-hybrid-app/}},
month = {},
year = {},
note = {(Accessed on 04/26/2021)}
}

@misc{Crossplat:online,
author = {},
title = {Cross-platform vs Native Mobile App Development: Choosing the Right Development Tools for Your Project | by Andrei Klubnikin | Medium},
howpublished = {\url{https://medium.com/all-technology-feeds/cross-platform-vs-native-mobile-app-development-choosing-the-right-dev-tools-for-your-app-project-47d0abafee81}},
month = {},
year = {},
note = {(Accessed on 04/26/2021)}
}

@misc{NatVSHybVScross:online,
author = {},
title = {Native vs Hybrid vs Cross-Platform â€” What To Choose? | by Siddharth Sharma | FlutterDevs | Medium},
howpublished = {\url{https://medium.com/flutterdevs/native-vs-hybrid-vs-cross-platform-what-to-choose-3221130f7cc5}},
month = {},
year = {},
note = {(Accessed on 04/26/2021)}
}

@misc{COVID19-SocialMediaUsage:online,
author = {},
title = {COVID-19 impact on usage of social apps},
howpublished = {\url{https://www.digitalcommerce360.com/2020/09/16/covid-19-is-changing-how-why-and-how-much-were-using-social-media/}},
month = {},
year = {},
note = {(Accessed on 04/30/2021)}
}

@misc{PerformanceDocs:online,
author = {},
title = {Performance best practices - Flutter},
howpublished = {\url{https://flutter.dev/docs/perf/rendering/best-practices}},
month = {},
year = {},
note = {(Accessed on 05/02/2021)}
}